<record><leader>00000cas a2200000 a 4500</leader><controlfield tag="001">39004332</controlfield><controlfield tag="008">980423c19979999iluwr ne      0   a0eng c</controlfield><datafield ind1=" " ind2=" " tag="010"><subfield code="a">sn 98004394 </subfield></datafield><datafield ind1=" " ind2=" " tag="040"><subfield code="a">NSD</subfield><subfield code="b">eng</subfield><subfield code="c">NSD</subfield><subfield code="d">CVF</subfield><subfield code="d">OCLCQ</subfield><subfield code="d">NVF</subfield><subfield code="d">OCLCQ</subfield><subfield code="d">OCLCF</subfield><subfield code="d">NVF</subfield><subfield code="d">OCLCO</subfield></datafield><datafield ind1=" " ind2=" " tag="012"><subfield code="l">1</subfield></datafield><datafield ind1="1" ind2=" " tag="022"><subfield code="a">1099-2464</subfield><subfield code="l">1099-2464</subfield><subfield code="2">1</subfield></datafield><datafield ind1="1" ind2=" " tag="029"><subfield code="a">AU@</subfield><subfield code="b">000013902700</subfield></datafield><datafield ind1=" " ind2=" " tag="037"><subfield code="b">The Examiner, 4N781 Gerber Rd., Bartlett, IL 60103</subfield></datafield><datafield ind1=" " ind2=" " tag="042"><subfield code="a">nsdp</subfield><subfield code="a">pcc</subfield></datafield><datafield ind1=" " ind2=" " tag="043"><subfield code="a">n-us-il</subfield></datafield><datafield ind1=" " ind2="4" tag="222"><subfield code="a">The examiner of Streamwood</subfield></datafield><datafield ind1="0" ind2="4" tag="245"><subfield code="a">The examiner of Streamwood.</subfield></datafield><datafield ind1="1" ind2="3" tag="246"><subfield code="a">Streamwood examiner</subfield></datafield><datafield ind1=" " ind2=" " tag="260"><subfield code="a">Bartlett, Ill. :</subfield><subfield code="b">Randall Petrik,</subfield><subfield code="c">1997-</subfield></datafield><datafield ind1=" " ind2=" " tag="300"><subfield code="a">v.</subfield></datafield><datafield ind1=" " ind2=" " tag="310"><subfield code="a">Weekly</subfield></datafield><datafield ind1="1" ind2=" " tag="362"><subfield code="a">Began in 1997.</subfield><subfield code="z">Cf. www.examinerpublications.com.</subfield></datafield><datafield ind1=" " ind2=" " tag="588"><subfield code="a">Description based on: Volume 1, number 47 (Apr. 15, 1998).</subfield></datafield><datafield ind1=" " ind2="0" tag="651"><subfield code="a">Streamwood (Ill.)</subfield><subfield code="v">Newspapers.</subfield></datafield><datafield ind1=" " ind2="7" tag="651"><subfield code="a">Illinois</subfield><subfield code="z">Streamwood.</subfield><subfield code="2">fast</subfield><subfield code="0">(OCoLC)fst01226874</subfield></datafield><datafield ind1=" " ind2="7" tag="655"><subfield code="a">Newspapers.</subfield><subfield code="2">fast</subfield><subfield code="0">(OCoLC)fst01423814</subfield></datafield><datafield ind1=" " ind2=" " tag="752"><subfield code="a">United States</subfield><subfield code="b">Illinois</subfield><subfield code="c">Cook</subfield><subfield code="d">Bartlett.</subfield></datafield></record>